<?xml version="1.0" encoding="utf-8"?>
<record xmlns="http://www.loc.gov/MARC21/slim" xmlns:xsi="http://www.w3.org/2001/XMLSchema-instance" xsi:schemaLocation="http://www.loc.gov/MARC21/slim http://www.loc.gov/standards/marcxml/schema/MARC21slim.xsd">
	<leader>     nam a22     Mi 4500</leader>
	<controlfield tag="001">2537464</controlfield>
	<controlfield tag="003">NNC</controlfield>
	<controlfield tag="006">m        d        </controlfield>
	<controlfield tag="007">cr cn |||m|||a</controlfield>
	<controlfield tag="008">190408m19531977ua      ob    000 0 arar </controlfield>
	<datafield ind1=" " ind2=" " tag="040">
		<subfield code="a">ZYU</subfield>
		<subfield code="b">ara</subfield>
		<subfield code="e">rda</subfield>
		<subfield code="c">ZYU</subfield>
	</datafield>
	<datafield ind1=" " ind2=" " tag="043">
		<subfield code="a">f-ua---</subfield>
		<subfield code="a">a-sy---</subfield>
	</datafield>
	<datafield ind1="0" ind2="0" tag="050">
		<subfield code="a">DT95.8</subfield>
		<subfield code="b">.I36</subfield>
	</datafield>
	<datafield ind1=" " ind2="4" tag="050">
		<subfield code="a">DT95.5</subfield>
		<subfield code="b">.I2 1953</subfield>
	</datafield>
	<datafield ind1="1" ind2=" " tag="100">
		<subfield code="6">880-01</subfield>
		<subfield code="a">Ibn Wāṣil, Muḥammad ibn Sālim,</subfield>
		<subfield code="d">1207 or 1208-1297 or 1298.</subfield>
	</datafield>
	<datafield ind1="1" ind2="0" tag="240">
		<subfield code="6">880-02</subfield>
		<subfield code="a">Mufarrij al-kurūb fī akhbār Banī Ayyūb </subfield>
	</datafield>
	<datafield ind1="1" ind2="0" tag="245">
		<subfield code="6">880-03</subfield>
		<subfield code="a">Mufarrij al-kurūb fī akhbār Banī Ayyūb /</subfield>
		<subfield code="c">taʼlīf Jamāl al-Dīn Muḥammad ibn Sālim ibn Wāṣil ; nasharahu li-awwal marratan ʻan makhṭūṭāt Kambiridj wa-Bārīs wa-Istānbūl wa-ḍabaṭahu wa-ḥaqqaqahu wa-ʻallaqa ḥawāshīhi wa-qaddama lahu wa-waḍaʻ fahārisahu Jamāl al-Dīn al-Shayyāl.</subfield>
	</datafield>
	<datafield ind1="1" ind2="5" tag="246">
		<subfield code="a">Mufarrij al-kurub fi akhbar Bani Ayyub; the history of the Ayyubids</subfield>
	</datafield>
	<datafield ind1=" " ind2=" " tag="260">
		<subfield code="6">880-04</subfield>
		<subfield code="a">[Cairo] :</subfield>
		<subfield code="b">Maṭbaʻat Jāmiʻat Fuʼād al-Awwal,</subfield>
		<subfield code="c">1953-1977.</subfield>
	</datafield>
	<datafield ind1=" " ind2=" " tag="300">
		<subfield code="a">online resource (5 volumes)</subfield>
	</datafield>
	<datafield ind1=" " ind2=" " tag="336">
		<subfield code="a">text</subfield>
		<subfield code="2">rdacontent</subfield>
	</datafield>
	<datafield ind1=" " ind2=" " tag="337">
		<subfield code="a">computer</subfield>
		<subfield code="2">rdamedia</subfield>
	</datafield>
	<datafield ind1=" " ind2=" " tag="338">
		<subfield code="a">online resource</subfield>
		<subfield code="2">rdacarrier</subfield>
	</datafield>
	<datafield ind1="1" ind2=" " tag="490">
		<subfield code="6">880-05</subfield>
		<subfield code="a">Maṭbūʻāt Idārat Iḥyāʼ al-Turāth al-Qadīm, Wizārat al-Maʻārif al-Miṣrīyah, Idārat al-Thaqāfah al-ʻĀmmah</subfield>
	</datafield>
	<datafield ind1="1" ind2=" " tag="490">
		<subfield code="a">Publications of the Section of Arabic Manuscripts, Ministry of Education, General Culture Administration</subfield>
	</datafield>
	<datafield ind1="1" ind2=" " tag="490">
		<subfield code="6">880-06</subfield>
		<subfield code="a">Turāthunā (Cairo, Egypt)</subfield>
	</datafield>
	<datafield ind1=" " ind2=" " tag="500">
		<subfield code="a">Part of the Arabic Collections Online (ACO) project, contributed by Columbia University Libraries.</subfield>
	</datafield>
	<datafield ind1=" " ind2=" " tag="504">
		<subfield code="a">Includes bibliographical references.</subfield>
	</datafield>
	<datafield ind1="0" ind2=" " tag="505">
		<subfield code="6">880-07</subfield>
		<subfield code="a">al-juzʼ 1. Wa-yantahá bi-mawt Nūr al-Dīn Maḥmūd ibn Zankī fī sanat 569 H -- al-juzʼ 2. ʻAṣr Ṣalāḥ al-Dīn (569-589 H) -- al-juzʼ 3. ʻAṣr Awlād Ṣalāḥ al-Dīn (590-615 H) -- al-juzʼ 4. (615 H-628 H), ḥaqqaqahu wa-waḍaʻa ḥawāshiyahu Ḥasnayn Muḥammad Rabīʻ, rājaʻahu wa-qaddama la-hu Saʻīd ʻAbd al-Fattāḥ ʻĀshūr. -- al-juzʼ 5. (629-645 H/1231-1248 M), ḥaqqaqahu wa-waḍaʻa ḥawāshiyahu Ḥasanayn Muḥammad Rabīʻ, rājaʻahu wa-qaddama la-hu Saʻīd ʻAbd al-Fattāḥ ʻĀshūr.</subfield>
	</datafield>
	<datafield ind1=" " ind2=" " tag="533">
		<subfield code="a">Electronic reproduction.</subfield>
		<subfield code="b">New York, N.Y. :</subfield>
		<subfield code="c">New York University,</subfield>
		<subfield code="d">2019.</subfield>
		<subfield code="5">NNU</subfield>
	</datafield>
	<datafield ind1=" " ind2="0" tag="650">
		<subfield code="a">Ayyubids.</subfield>
	</datafield>
	<datafield ind1=" " ind2="7" tag="650">
		<subfield code="a">Ayyubids.</subfield>
		<subfield code="2">fast</subfield>
		<subfield code="0">(OCoLC)fst00824598</subfield>
	</datafield>
	<datafield ind1="1" ind2=" " tag="700">
		<subfield code="6">880-08</subfield>
		<subfield code="a">Shayyāl, Jamāl al-Dīn.</subfield>
	</datafield>
	<datafield ind1="1" ind2=" " tag="700">
		<subfield code="6">880-09</subfield>
		<subfield code="a">Rabīʻ, Ḥasanayn Muḥammad.</subfield>
	</datafield>
	<datafield ind1="1" ind2=" " tag="700">
		<subfield code="6">880-10</subfield>
		<subfield code="a">ʻĀshūr, Saʻīd ʻAbd al-Fattāḥ.</subfield>
	</datafield>
	<datafield ind1="2" ind2=" " tag="710">
		<subfield code="a">Columbia University.</subfield>
		<subfield code="b">Libraries.</subfield>
	</datafield>
	<datafield ind1="0" ind2=" " tag="730">
		<subfield code="a">Arabic Collections Online.</subfield>
	</datafield>
	<datafield ind1="0" ind2="8" tag="776">
		<subfield code="i">Online version:</subfield>
		<subfield code="a">Ibn Wāṣil, Muḥammad ibn Sālim, 1207 or 8-1297 or 8.</subfield>
		<subfield code="s">Mufarrij al-kurūb fī akhbār Banī Ayyūb.</subfield>
		<subfield code="t">Mufarrij al-kurūb fī akhbār Banī Ayyūb.</subfield>
		<subfield code="d">[Cairo] : Maṭbaʻat Jāmiʻat Fuʼād al-Awwal, 1953-</subfield>
		<subfield code="w">(OCoLC)562992835</subfield>
	</datafield>
	<datafield ind1="0" ind2="8" tag="776">
		<subfield code="i">Online version:</subfield>
		<subfield code="a">Ibn Wāṣil, Muḥammad ibn Sālim, 1207 or 8-1297 or 8.</subfield>
		<subfield code="s">Mufarrij al-kurūb fī akhbār Banī Ayyūb.</subfield>
		<subfield code="t">Mufarrij al-kurūb fī akhbār Banī Ayyūb.</subfield>
		<subfield code="d">[Cairo] : Maṭbaʻat Jāmiʻat Fuʼād al-Awwal, 1953-</subfield>
		<subfield code="w">(OCoLC)608144618</subfield>
	</datafield>
	<datafield ind1="0" ind2="8" tag="776">
		<subfield code="i">Print version:</subfield>
		<subfield code="a">Ibn Wāṣil, Muḥammad ibn Sālim, 1207 or 1208-1297 or 1298.</subfield>
		<subfield code="t">Mufarrij al-kurūb fī akhbār Banī Ayyūb</subfield>
		<subfield code="w">(NNC)2537464</subfield>
		<subfield code="w">(DLC)  60028992 </subfield>
		<subfield code="w">(OCoLC)22972168</subfield>
	</datafield>
	<datafield ind1=" " ind2="0" tag="830">
		<subfield code="6">880-11</subfield>
		<subfield code="a">Maṭbūʻāt Idārat Iḥyāʼ al-Turāth al-Qadīm, Wizārat al-Maʻārif al-Miṣrīyah, Idārat al-Thaqāfah al-ʻĀmmah.</subfield>
	</datafield>
	<datafield ind1=" " ind2="0" tag="830">
		<subfield code="6">880-12</subfield>
		<subfield code="a">Turāthunā (Cairo, Egypt)</subfield>
	</datafield>
	<datafield ind1=" " ind2="0" tag="830">
		<subfield code="a">Publications of the Section of Arabic Manuscripts, Ministry of Education, General Culture Administration.</subfield>
	</datafield>
	<datafield ind1="4" ind2="0" tag="856">
		<subfield code="u">http://hdl.handle.net/2333.1/931zd0qm</subfield>
	</datafield>
	<datafield ind1="1" ind2=" " tag="880">
		<subfield code="6">100-01</subfield>
		<subfield code="a">ابن واصل، محمد بن سالم،</subfield>
		<subfield code="d">1207 or 1208-1297 or 1298.</subfield>
	</datafield>
	<datafield ind1="1" ind2="0" tag="880">
		<subfield code="6">240-02</subfield>
		<subfield code="a">مفرج الكروب في أخبار بني أيوب</subfield>
	</datafield>
	<datafield ind1="1" ind2="0" tag="880">
		<subfield code="6">245-03</subfield>
		<subfield code="a">مفرج الكروب فى أخبار بنى ايوب /</subfield>
		<subfield code="c">تأليف جمال الدين محمد بن سالم بن واصل. نشره لاول مرة عن مخطوطات كمبردج وباريس واستانبول وضبطه وحققه وعلق حواشيه وقدم له ووضع فهارسه جمال الدين شبال.</subfield>
	</datafield>
	<datafield ind1=" " ind2=" " tag="880">
		<subfield code="6">260-04</subfield>
		<subfield code="a">[القاهرة] :</subfield>
		<subfield code="b">مطبعة جامعة فؤاد الاول،</subfield>
		<subfield code="c">1953-</subfield>
	</datafield>
	<datafield ind1="1" ind2=" " tag="880">
		<subfield code="6">490-05</subfield>
		<subfield code="a">مطبوعات إدارة إحياء التراث القديم، وزارة المعارف المصرية، إدارة الثقافة العامة</subfield>
	</datafield>
	<datafield ind1="1" ind2=" " tag="880">
		<subfield code="6">490-06</subfield>
		<subfield code="a">تراثنا (القاهرة، مصر)</subfield>
	</datafield>
	<datafield ind1="0" ind2=" " tag="880">
		<subfield code="6">505-07</subfield>
		<subfield code="a">الجزء 1. وينتهى بموت نور الدين محمود بن زنكي في سنة 569 هـ -- الجزء 2. عصر صلاح الدين (569-589 هـ) -- الجزء 3. عصر اولاد صلاح الدين (590-615 هـ) -- الجزء 4. (615 هـ-628 هـ)، حققه ووضع حواشيه حسنين محمد ربيع، راجعه وقدم له سعيد عبد الفتاح عاشور -- الجزء 5. (629-645 هـ/1231-1248 م)، حققه ووضع حواشيه حسنين محمد ربيع، راجعه وقدم له سعيد عبد الفتاح عاشور.</subfield>
	</datafield>
	<datafield ind1="1" ind2=" " tag="880">
		<subfield code="6">700-08</subfield>
		<subfield code="a">شيال، جمال الدين.</subfield>
	</datafield>
	<datafield ind1="1" ind2=" " tag="880">
		<subfield code="6">700-09</subfield>
		<subfield code="a">ربيع، حسنين محمد.</subfield>
	</datafield>
	<datafield ind1="1" ind2=" " tag="880">
		<subfield code="6">700-10</subfield>
		<subfield code="a">عاشور، سعيد عبد الفتاح.</subfield>
	</datafield>
	<datafield ind1=" " ind2="0" tag="880">
		<subfield code="6">830-11</subfield>
		<subfield code="a">مطبوعات ادارة احياء التراث القديم، وزارة المعارف المصرية، ادارة الثقافة العامة.</subfield>
	</datafield>
	<datafield ind1=" " ind2="0" tag="880">
		<subfield code="6">830-12</subfield>
		<subfield code="a">تراثنا (القاهرة، مصر)</subfield>
	</datafield>
	<datafield ind1=" " ind2=" " tag="959">
		<subfield code="a">NNU</subfield>
		<subfield code="b">WEB</subfield>
		<subfield code="c">GENI</subfield>
		<subfield code="t">0</subfield>
		<subfield code="m">Electronic access</subfield>
		<subfield code="s">01</subfield>
	</datafield>
	<datafield ind1=" " ind2=" " tag="999">
		<subfield code="i">NNC_2537464</subfield>
		<subfield code="o">(OCoLC)ocm22972168</subfield>
		<subfield code="s">columbia_aco004108:v.1</subfield>
		<subfield code="e">(ERROR-880)</subfield>
		<subfield code="s">columbia_aco004108:v.1</subfield>
	</datafield>
</record>
